2692 4568
558 478 625 553 tt

570 698 614 765 A
983 697 1089 764 sunu.

216 827 311 923 „fibi
333 832 541 910 tniiutariou
574 832 684 921 fecit,
717 831 875 934 denique
891 845 988 912 ante·

215 969 357 1046 „quam
383 942 608 1023 Raimundut
643 943 752 1023 filiam
788 942 992 1024 Buamundi

215 1057 396 1145 „duceret
435 1057 704 1137 Antiochenam
746 1061 992 1158 principatum

211 1171 408 1258 „maximo
423 1168 545 1248 labore
560 1188 687 1247 contra
705 1167 848 1271 Turcua
859 1169 992 1271 absque

217 1280 324 1368 „ullo
346 1279 480 1357 damno
501 1304 609 1360 manu
630 1284 774 1369 tenuit,
795 1284 879 1383 qui
881 1304 991 1358 exu-

217 1415 337 1482 »κοτε
361 1390 419 1469 sua
437 1393 530 1470 duos
548 1391 642 1491 filiou
660 1391 874 1472 Balduinum
891 1393 991 1470 &A-

216 1508 421 1593 „maricuua
438 1508 592 1604 genuit,
624 1504 697 1606 ipse
721 1528 808 1582 veto
834 1528 918 1584 cum
945 1502 992 1581 ad

215 1614 392 1706 „senilem
418 1615 631 1716 petveuiffet
653 1631 808 1704 etatem,
840 1619 894 1694 vir
912 1617 994 1693 bel-

215 1726 375 1817 „iicosus
397 1731 512 1817 obiit,
543 1727 773 1830 sepultusque
785 1727 836 1804 est
852 1751 991 1813 cuma

214 1839 302 1930 „liis
328 1836 525 1938 Regibus
514 1864 552 1918 ιιι
572 1840 788 1941 Golgotha,
818 1843 945 1943 cujus
949 1838 991 1915 fi

151 2047 159 2055 .
215 1950 336 2042 „lium
354 1948 568 2030 Balduanum
581 1949 695 2052 Jhe10
698 1952 946 2055 solymitani
916 1934 1040 2067 Re·
1077 1971 1080 1977 ·

214 2085 329 2162 „gem
353 2060 416 2139 fibi
436 2064 669 2163 constituunt.

214 2207 296 2298 „Ut
319 2208 448 2287 uuum
475 2210 526 2292 est
548 2210 637 2289 dum
661 2208 878 2289 Gauffreduu
898 2152 991 2285 filius

214 2320 416 2409 „Fulcunit
454 2320 565 2422 Regis
600 2321 820 2424 jherusalem
858 2332 992 2397 terram

215 2432 380 2521 „suam
369 2459 408 2510 ιιι
429 2458 517 2539 pace
532 2452 674 2535 regeret
688 2440 834 2513 monitu
856 2435 991 2533 impio·

215 2564 327 2634 ..rum
342 2544 473 2646 Helgas
491 2547 598 2623 frater
608 2549 685 2646 ejut
700 2546 990 2629 cenomanicum
1031 2590 1037 2601 ·

218 2660 394 2755 „exigens
419 2658 657 2737 Consulatum
692 2658 811 2761 ipsum
843 2658 991 2734 fratrem

218 2767 339 2867 „sepe
350 2772 584 2871 impugnabat
595 2795 704 2872 quem
715 2789 861 2872 captum
876 2764 990 2849 Gaus-

216 2880 368 2970 „fredua
392 2884 516 2962 multis
546 2884 672 2961 diebus
700 2882 852 2961 Turom't
876 2886 992 2979 intar-

215 3010 408 3082 „ceratum
431 2999 557 3073 tenuit
608 2995 678 3072 Sed
701 2997 822 3095 postea
840 2993 926 3070 inde
943 2991 993 3066 li·
1053 3082 1057 3091 Ι

216 3108 388 3192 „beratus
410 3110 511 3207 gravi
529 3109 662 3195 morbo
687 3131 709 3183 a
730 3128 874 3184 carcere
901 3126 992 3189 cun-

217 3217 359 3305 „uasto
370 3222 509 3317 juvenis
523 3222 624 3298 obiit
660 3217 810 3320 Semper
823 3228 991 3316 potentes

218 3327 371 3417 „fiattea
389 3332 482 3409 male
505 3330 706 3410 concordes
723 3332 905 3429 nimiaque
928 3351 992 3413 tu.

219 3441 372 3540 „pidin'e
390 3447 495 3523 coeci
511 3468 567 3521 rea
587 3444 664 3521 suas
677 3447 715 3519 in
732 3441 855 3518 medio
869 3456 991 3520 tenere
1100 3484 1104 3499 ι

219 3555 412 3642 „nolentes
440 3560 533 3634 inter
556 3557 589 3634 se
611 3552 805 3644 diffident,
837 3554 875 3631 δι
905 3574 992 3632 cum
1103 3584 1110 3610 ι

130 3655 135 3665 ’
221 3666 325 3756 „suaa
337 3692 431 3750 tures
442 3669 612 3749 miscere
600 3684 701 3768 Juvat
711 3679 876 3772 pereunt
909 3662 993 3741 Fuit

842 3778 993 3869 „utitem
